@ARTICLE{ChronoNet,
   author = {{Roy}, S. and {Kiral-Kornek}, I. and {Harrer}, S.},
    title = "{ChronoNet: A Deep Recurrent Neural Network for Abnormal EEG Identification}",
  journal = {ArXiv e-prints},
archivePrefix = "arXiv",
   eprint = {1802.00308},
 keywords = {Electrical Engineering and Systems Science - Signal Processing, Computer Science - Learning},
     year = 2018,
    month = jan,
   adsurl = {http://adsabs.harvard.edu/abs/2018arXiv180200308R},
  adsnote = {Provided by the SAO/NASA Astrophysics Data System}
}

@article{CNN,
  author    = {Robin Tibor Schirrmeister and
               Jost Tobias Springenberg and
               Lukas Dominique Josef Fiederer and
               Martin Glasstetter and
               Katharina Eggensperger and
               Michael Tangermann and
               Frank Hutter and
               Wolfram Burgard and
               Tonio Ball},
  title     = {Deep learning with convolutional neural networks for brain mapping
               and decoding of movement-related information from the human {EEG}},
  journal   = {CoRR},
  volume    = {abs/1703.05051},
  year      = {2017},
  url       = {http://arxiv.org/abs/1703.05051},
  archivePrefix = {arXiv},
  eprint    = {1703.05051},
  timestamp = {Wed, 07 Jun 2017 14:40:21 +0200},
  biburl    = {https://dblp.org/rec/bib/journals/corr/SchirrmeisterSF17},
  bibsource = {dblp computer science bibliography, https://dblp.org}
}

@article{Deep,
   author = {Sachin Talathi},
   title = {Deep Recurrent Neural Networks for seizure detection and early seizure detection systems},
  journal = {ArXiv e-prints},
archivePrefix = "arXiv",
   eprint = {1706.03283},
     year = 2017,
    month = jun,
   adsurl = {http://adsabs.harvard.edu/abs/2017arXiv170603283T},
  adsnote = {Provided by the SAO/NASA Astrophysics Data System}
}

@article{EMG,
title = "Feature extraction using first and second derivative extrema (FSDE) for real-time and hardware-efficient spike sorting",
journal = "Journal of Neuroscience Methods",
volume = "215",
number = "1",
pages = "29 - 37",
year = "2013",
issn = "0165-0270",
doi = "https://doi.org/10.1016/j.jneumeth.2013.01.012",
url = "http://www.sciencedirect.com/science/article/pii/S0165027013000393",
author = "Sivylla E. Paraskevopoulou and Deren Y. Barsakcioglu and Mohammed R. Saberi and Amir Eftekhar and Timothy G. Constandinou",
keywords = "Feature extraction, Spike sorting, Derivatives, Hardware implementable"
}

@MastersThesis{LSTM,
author = {Juri Fedjaev},
title = {Decoding EEG Brain Signals using Recurrent Neural Networks},
school = {Technische Universitat Munchen},
address = {Germany}
year = {2017},
}

@article{DBLP:journals/corr/WuKCLJ17,
  author    = {Dongrui Wu and
               Jung{-}Tai King and
               Chun{-}Hsiang Chuang and
               Chin{-}Teng Lin and
               Tzyy{-}Ping Jung},
  title     = {Spatial Filtering for EEG-Based Regression Problems in Brain-Computer
               Interface {(BCI)}},
  journal   = {CoRR},
  volume    = {abs/1702.02914},
  year      = {2017},
  url       = {http://arxiv.org/abs/1702.02914},
  archivePrefix = {arXiv},
  eprint    = {1702.02914},
  timestamp = {Wed, 07 Jun 2017 14:41:11 +0200},
  biburl    = {https://dblp.org/rec/bib/journals/corr/WuKCLJ17},
  bibsource = {dblp computer science bibliography, https://dblp.org}
}

